@inproceedings{imdb-sentiment,
  title={Bridging the gap between ML solutions and their business requirements using feature interactions},
  author={Barash, Guy and Farchi, Eitan and Jayaraman, Ilan and Raz, Orna and Tzoref-Brill, Rachel and Zalmanovici, Marcel},
  booktitle={Proceedings of the 2019 27th ACM Joint Meeting on European Software Engineering Conference and Symposium on the Foundations of Software Engineering},
  pages={1048--1058},
  year={2019}
}

@article{runsnposes,
  title={Have protein-ligand co-folding methods moved beyond memorisation?},
  author={{\v{S}}krinjar, Peter and Eberhardt, J{\'e}r{\^o}me and Durairaj, Janani and Schwede, Torsten},
  journal={BioRxiv},
  pages={2025--02},
  year={2025},
  publisher={Cold Spring Harbor Laboratory}
}

@article{posebusters,
  title={PoseBusters: AI-based docking methods fail to generate physically valid poses or generalise to novel sequences},
  author={Buttenschoen, Martin and Morris, Garrett M and Deane, Charlotte M},
  journal={Chemical Science},
  volume={15},
  number={9},
  pages={3130--3139},
  year={2024},
  publisher={Royal Society of Chemistry}
}

@inproceedings{semlaflow,
  title={SemlaFlow -- Efficient 3D Molecular Generation with Latent Attention and Equivariant Flow Matching},
  author={Irwin, Ross and Tibo, Alessandro and Janet, Jon Paul and Olsson, Simon},
  booktitle={International Conference on Artificial Intelligence and Statistics},
  pages={3772--3780},
  year={2025},
  organization={PMLR}
}

@article{flowr,
  title={FLOWR: Flow Matching for Structure-Aware De Novo, Interaction-and Fragment-Based Ligand Generation},
  author={Cremer, Julian and Irwin, Ross and Tibo, Alessandro and Janet, Jon Paul and Olsson, Simon and Clevert, Djork-Arn{\'e}},
  journal={arXiv preprint arXiv:2504.10564},
  year={2025}
}

@book{ml-prod,
    author={Christian Kästner},
    title={Machine Learning in Production},
    publisher={MIT Press},
    year=2025
}

@misc{code-smells,
      title={Code Smells for Machine Learning Applications}, 
      author={Haiyin Zhang and Luís Cruz and Arie van Deursen},
      year={2022},
      eprint={2203.13746},
      archivePrefix={arXiv},
      primaryClass={cs.SE},
      url={https://arxiv.org/abs/2203.13746}, 
}

@misc{data-smells,
      title={Data Smells: Categories, Causes and Consequences, and Detection of Suspicious Data in AI-based Systems}, 
      author={Harald Foidl and Michael Felderer and Rudolf Ramler},
      year={2022},
      eprint={2203.10384},
      archivePrefix={arXiv},
      primaryClass={cs.SE},
      url={https://arxiv.org/abs/2203.10384}, 
}
